<?xml version="1.0" encoding="UTF-8"?><collection xmlns="http://www.loc.gov/MARC21/slim"><record><leader>00503nam--2200181-i-4500</leader><controlfield tag="001">000043265</controlfield><controlfield tag="002">20161230</controlfield><controlfield tag="005">20161230201043</controlfield><controlfield tag="008">060222s1000------------r-----000-0-eng-d</controlfield><datafield ind1=" " ind2=" " tag="040"><subfield code="a">IFIN-HH</subfield></datafield><datafield ind1=" " ind2=" " tag="080"><subfield code="a">801.323.2=397=20</subfield></datafield><datafield ind1="1" ind2=" " tag="100"><subfield code="a">Harlock, Walter E</subfield></datafield><datafield ind1="1" ind2="0" tag="245"><subfield code="a">Svensk-engelsk ordbok</subfield><subfield code="c">Walter e.harlock</subfield></datafield><datafield ind1=" " ind2=" " tag="260"><subfield code="a">Stockholm</subfield><subfield code="b">Laromedelsforlagen, Sprakforlaget</subfield><subfield code="c">1968</subfield></datafield><datafield ind1=" " ind2=" " tag="300"><subfield code="a">XVI + 973 P</subfield></datafield><datafield ind1=" " ind2=" " tag="490"><subfield code="a">Svenska Bokforlagets Ordbocker</subfield></datafield><datafield ind1=" " ind2=" " tag="852"><subfield code="a">D.465</subfield><subfield code="c">SLG</subfield></datafield><datafield ind1=" " ind2=" " tag="CAT"><subfield code="a">Sys</subfield><subfield code="c">20130211</subfield><subfield code="h">165202</subfield></datafield></record></collection>